%---------------------------------------------
% Database containing all authors in the book.
%---------------------------------------------

@misc{anton_taleiko,
	author = {{Anton Taleiko}},
}

@misc{osterberg,
	author = {{Bosse Ã–sterberg}},
}

@misc{rundt,
	author = {{J. Rundt}},
}

@misc{sibelius,
	author = {{J. Sibelius}},
}