%---------------------------------------------
% Database containing all song references in the book.
%---------------------------------------------

@misc{finlandia,
	title = {{Finlandia}},
}

@misc{memory,
	title = {{Memory}},
}

@misc{kapteeni_katsoi_horisonttihin,
	title = {{Kapteeni katsoi horisonttihin}},
}

@misc{polyuska_polye,
	title = {{Polyuska polye}}, % Полюшко поле 
}

@misc{polyuska_polye_rus,
	title = {{\foreignlanguage{russian}{Полюшко поле}}},
}

@misc{vid_en_kalla,
	title = {{Vid en källa}},
}